<?xml version="1.0" encoding="UTF-8"?><collection xmlns="http://www.loc.gov/MARC21/slim"><record><leader>00415nam--2200169-u-4500</leader><controlfield tag="001">000051167</controlfield><controlfield tag="002">20161230</controlfield><controlfield tag="005">20170306224056</controlfield><controlfield tag="008">080527s1000------------r-----000-0-eng-d</controlfield><datafield ind1=" " ind2=" " tag="020"><subfield code="a">IFIN-HH</subfield></datafield><datafield ind1=" " ind2=" " tag="080"><subfield code="a">513.1</subfield></datafield><datafield ind1="1" ind2=" " tag="100"><subfield code="a">Zwikker, C</subfield></datafield><datafield ind1="1" ind2=" " tag="245"><subfield code="a">Advanced Plane Geometry</subfield></datafield><datafield ind1=" " ind2=" " tag="260"><subfield code="a">Amsterdam</subfield><subfield code="b">North-Holland Publishing Company</subfield><subfield code="c">1950</subfield></datafield><datafield ind1=" " ind2=" " tag="300"><subfield code="a">299 p</subfield></datafield><datafield ind1=" " ind2=" " tag="852"><subfield code="a">11131</subfield><subfield code="c">513</subfield></datafield><datafield ind1=" " ind2=" " tag="CAT"><subfield code="a">SYS</subfield><subfield code="c">20170306</subfield><subfield code="h">224056</subfield></datafield></record></collection>